<?xml version="1.0" encoding="UTF-8"?><collection xmlns="http://www.loc.gov/MARC21/slim"><record><leader>00427nam--2200145-i-4500</leader><controlfield tag="001">000017207</controlfield><controlfield tag="002">20161230</controlfield><controlfield tag="005">20170128150117</controlfield><controlfield tag="008">060222s1000------------r-----000-0-eng-d</controlfield><datafield ind1=" " ind2=" " tag="100"><subfield code="a">Abrudean, Mihail</subfield></datafield><datafield ind1=" " ind2=" " tag="245"><subfield code="a">Baldea, aurel si axente, d</subfield><subfield code="b">Separarea Izotopilor 15n, 18o, 10b, 13c Prin Schimb Izotopic</subfield></datafield><datafield ind1=" " ind2=" " tag="260"><subfield code="a">Cluj</subfield><subfield code="b">Cartea Cartii De Stiinta</subfield><subfield code="c">1994</subfield></datafield><datafield ind1=" " ind2=" " tag="300"><subfield code="a">IV+236 p</subfield></datafield><datafield ind1=" " ind2=" " tag="852"><subfield code="a">546.027</subfield></datafield><datafield ind1=" " ind2=" " tag="CAT"><subfield code="a">SYS</subfield><subfield code="c">20170128</subfield><subfield code="h">150117</subfield></datafield></record></collection>